<?xml version="1.0" encoding="UTF-8"?><collection xmlns="http://www.loc.gov/MARC21/slim"><record><leader>00401nam--2200133-i-4500</leader><controlfield tag="001">000008467</controlfield><controlfield tag="002">20161230</controlfield><controlfield tag="005">20161230201027</controlfield><controlfield tag="008">060222s1000------------r-----000-0-eng-d</controlfield><datafield ind1=" " ind2=" " tag="080"><subfield code="a">001.8:655.52</subfield></datafield><datafield ind1=" " ind2=" " tag="100"><subfield code="a">Berceanu, Barbu B.Si Panaitescu, Iulian</subfield></datafield><datafield ind1=" " ind2=" " tag="245"><subfield code="a">Prezentarea lucrarilor stiintifice.metodologia activitatii autorului</subfield></datafield><datafield ind1=" " ind2=" " tag="260"><subfield code="a">Bucuresti, Editura Stiintifica, 1968. 252 P</subfield></datafield><datafield ind1=" " ind2=" " tag="852"><subfield code="a">28562</subfield></datafield></record></collection>